%% This BibTeX bibliography file was created using BibDesk.
%% http://bibdesk.sourceforge.net/

%% Created for Andrew S Zieffler PhD at 2017-01-10 10:52:04 -0600 


%% Saved with string encoding Unicode (UTF-8) 



@article{Benjamini:1995,
	Author = {Benjamini, Yoav and Hochberg, Yosef},
	Date-Added = {2016-10-30 16:51:29 +0000},
	Date-Modified = {2016-10-30 16:52:51 +0000},
	Journal = {Journal of the Royal Statistical Society, Series B},
	Number = {1},
	Pages = {289---300},
	Title = {Controlling the false discovery rate: a practical and powerful approach to multiple testing},
	Volume = {57},
	Year = {1995}}

@article{Williams:1999,
	Author = {Williams, V.S.L. and Jones, L.V. and Tukey, J.W.},
	Date-Added = {2016-10-30 15:31:58 +0000},
	Date-Modified = {2016-10-30 15:32:55 +0000},
	Journal = {Journal of Educational and Behavioral Statistics},
	Number = {1},
	Pages = {42--69},
	Title = {Controlling Error in Multiple Comparisons, With Examples From State-to-State Differences in Educational Achievement},
	Volume = {24},
	Year = {1999}}

@book{Lewis-Beck:2016,
	Address = {Thousand Oaks, CA},
	Author = {Colin Lewis-Beck and Michael Lewis-Beck},
	Date-Added = {2016-07-26 14:52:57 +0000},
	Date-Modified = {2017-01-10 16:52:04 +0000},
	Edition = {2},
	Publisher = {Sage},
	Series = {Quantitative Applications in the Social Sciences},
	Title = {Applied Regression: An Introduction},
	Year = {2016}}

@book{Gelman:2007,
	Address = {New York},
	Author = {Andrew Gelman and Jennifer Hill},
	Date-Added = {2016-05-04 13:03:55 +0000},
	Date-Modified = {2016-05-04 13:06:21 +0000},
	Publisher = {Cambridge University Press},
	Title = {Data Analysis Using Regression and Multilevel/Hierarchical Models},
	Year = {2007}}
