%% This BibTeX bibliography file was created using BibDesk.
%% http://bibdesk.sourceforge.net/

%% Created for Andrew S Zieffler PhD at 2018-03-29 19:13:03 -0500 


%% Saved with string encoding Unicode (UTF-8) 



@book{Snijders:2012,
	Address = {Thousand Oaks, CA},
	Author = {Tom A. B. Snijders and Roel J. Bosker},
	Date-Added = {2018-03-30 00:11:32 +0000},
	Date-Modified = {2018-03-30 00:13:01 +0000},
	Edition = {2},
	Publisher = {Sage},
	Title = {Multilevel Analysis: An Introduction to Basic and Advanced Multilevel Modeling},
	Year = {2012}}

@article{Hasson:2010,
	Author = {Dan Hasson and Petter Gustavsson},
	Date-Added = {2018-03-08 13:54:00 +0000},
	Date-Modified = {2018-03-08 13:56:24 +0000},
	Journal = {PLOS One},
	Number = {12},
	Pages = {e14265},
	Title = {Declining Sleep Quality among Nurses: A Population-Based Four-Year Longitudinal Study on the Transition from Nursing Education to Working Life},
	Url = {https://doi.org/10.1371/journal.pone.0014265},
	Volume = {5},
	Year = {2010},
	Bdsk-Url-1 = {https://doi.org/10.1371/journal.pone.0014265}}

@book{Myers:2003,
	Address = {Mahwah, NJ},
	Author = {Jerome L. Myers and Arnold D. Well},
	Date-Added = {2018-03-07 18:11:35 +0000},
	Date-Modified = {2018-03-07 18:13:00 +0000},
	Edition = {2},
	Publisher = {Lawrence Erlbaum Associates},
	Title = {Research Design and Statistical Analysis},
	Year = {2003}}

@article{Hamermesh:2005,
	Author = {Hamermesh, D. S. and Parker, A. M.},
	Date-Added = {2018-02-20 19:23:04 +0000},
	Date-Modified = {2018-02-20 19:23:52 +0000},
	Journal = {Economics of Education Review},
	Pages = {369--376},
	Title = {Beauty in the classroom: Instructors' pulchritude and putative pedagogical productivity},
	Volume = {24},
	Year = {2005}}

@book{Anderson:2008,
	Address = {New York},
	Author = {Anderson, D. R.},
	Date-Added = {2018-02-12 00:42:15 +0000},
	Date-Modified = {2018-02-12 00:43:09 +0000},
	Publisher = {Springer},
	Title = {Model based inference in the life sciences: A primer on evidence},
	Year = {2008}}

@book{Fox:2009,
	Address = {Thousand Oaks, CA},
	Author = {John Fox},
	Date-Added = {2018-01-16 21:34:35 +0000},
	Date-Modified = {2018-01-16 21:35:12 +0000},
	Publisher = {Sage},
	Title = {A mathematical primer for social statistics},
	Year = {2009}}

@book{Davison:1997,
	Address = {New York},
	Author = {Davison, A. and Hinkley, D. V.},
	Date-Added = {2018-01-10 02:51:55 +0000},
	Date-Modified = {2018-01-10 02:52:42 +0000},
	Publisher = {Cambridge University Press},
	Title = {Bootstrap methods and their application},
	Year = {1997}}

@misc{Kenny:2016,
	Author = {David A. Kenny},
	Date-Added = {2017-10-24 13:18:32 +0000},
	Date-Modified = {2017-10-24 13:20:38 +0000},
	Howpublished = {Personal website},
	Title = {Mediation},
	Url = {http://davidakenny.net/cm/mediate.htm},
	Year = {2016},
	Bdsk-Url-1 = {http://davidakenny.net/cm/mediate.htm}}

@article{Jones-White:2014,
	Author = {Daniel R. Jones-White and Peter M. Radcliffe and Linda M. Lorenz and Krista M. Soria},
	Date-Added = {2017-04-14 21:05:25 +0000},
	Date-Modified = {2017-04-14 21:07:54 +0000},
	Journal = {Research in Higher Education},
	Number = {4},
	Pages = {329--350},
	Title = {Priced Out?: The Influence of Financial Aid on the Educational Trajectories of First-Year Students Starting College at a Large Research University},
	Volume = {55},
	Year = {2014}}

@book{Long:2012,
	Address = {Thousand Oaks, CA},
	Author = {Jeffrey D. Long},
	Date-Added = {2017-03-31 15:08:48 +0000},
	Date-Modified = {2017-03-31 15:11:24 +0000},
	Publisher = {Sage Publications, Inc.},
	Title = {Longitudinal Data Analysis for the Behavioral Sciences using {R}},
	Year = {2012}}

@article{Woltman:2012,
	Author = {Heather Woltman and Andrea Feldstein and J. Christine Mac{K}ay and Meredith Rocchi},
	Date-Added = {2017-03-15 21:21:00 +0000},
	Date-Modified = {2017-03-15 21:22:33 +0000},
	Journal = {Tutorials in Quantitative Methods for Psychology},
	Number = {1},
	Pages = {52--69},
	Title = {An Introduction to Hierarchical Linear Modeling},
	Volume = {8},
	Year = {2012}}

@article{Burnham:2011,
	Author = {K. P. Burnham and D. R. Anderson and K. P. Huyvaert},
	Date-Added = {2017-02-18 16:11:34 +0000},
	Date-Modified = {2017-02-18 16:14:30 +0000},
	Journal = {Behavioral Ecology and Sociobiology},
	Number = {1},
	Pages = {23--35},
	Title = {{AIC} Model Selection and Multimodel Inference in Behavioral Ecology: Some Background, Observations, and Comparisons},
	Volume = {65},
	Year = {2011}}

@article{Hurvich:1989,
	Author = {Hurvich, C.M. and Tsai, C.-L.},
	Date-Added = {2017-02-13 23:06:56 +0000},
	Date-Modified = {2017-02-13 23:07:46 +0000},
	Journal = {Biometrika},
	Pages = {297--307},
	Title = {Regression and Time Series Model Selection in Small Samples,},
	Volume = {76},
	Year = {1989}}

@article{Benjamini:1995,
	Author = {Benjamini, Yoav and Hochberg, Yosef},
	Date-Added = {2016-10-30 16:51:29 +0000},
	Date-Modified = {2016-10-30 16:52:51 +0000},
	Journal = {Journal of the Royal Statistical Society, Series B},
	Number = {1},
	Pages = {289---300},
	Title = {Controlling the false discovery rate: a practical and powerful approach to multiple testing},
	Volume = {57},
	Year = {1995}}

@article{Williams:1999,
	Author = {Williams, V.S.L. and Jones, L.V. and Tukey, J.W.},
	Date-Added = {2016-10-30 15:31:58 +0000},
	Date-Modified = {2016-10-30 15:32:55 +0000},
	Journal = {Journal of Educational and Behavioral Statistics},
	Number = {1},
	Pages = {42--69},
	Title = {Controlling Error in Multiple Comparisons, With Examples From State-to-State Differences in Educational Achievement},
	Volume = {24},
	Year = {1999}}

@book{Lewis-Beck:2016,
	Address = {Thousand Oaks, CA},
	Author = {Colin Lewis-Beck and Michael Lewis-Beck},
	Date-Added = {2016-07-26 14:52:57 +0000},
	Date-Modified = {2017-01-10 16:52:04 +0000},
	Edition = {2},
	Publisher = {Sage},
	Series = {Quantitative Applications in the Social Sciences},
	Title = {Applied Regression: An Introduction},
	Year = {2016}}

@book{Gelman:2007,
	Address = {New York},
	Author = {Andrew Gelman and Jennifer Hill},
	Date-Added = {2016-05-04 13:03:55 +0000},
	Date-Modified = {2016-05-04 13:06:21 +0000},
	Publisher = {Cambridge University Press},
	Title = {Data Analysis Using Regression and Multilevel/Hierarchical Models},
	Year = {2007}}
