%% This BibTeX bibliography file was created using BibDesk.
%% http://bibdesk.sourceforge.net/

%% Created for Andrew S Zieffler PhD at 2017-12-05 08:46:37 -0600 


%% Saved with string encoding Unicode (UTF-8) 



@article{Neighbors:2010,
	Author = {Neighbors, C. and Lewis, M.A. and Atkins, D.C. and Jensen, M.M. and Walter, T. and Fossos, N. and Lee, C.M. and Larimer, M.E.},
	Date-Added = {2017-11-21 14:17:14 +0000},
	Date-Modified = {2017-11-21 14:20:46 +0000},
	Doi = {10.1037/a0020766},
	Journal = {Journal of Consulting and Clinical Psychology},
	Number = {6},
	Pages = {898--911},
	Title = {Efficacy of web-based personalized normative feedback: A two-year randomized controlled trial},
	Volume = {78},
	Year = {2010}}

@article{Atkins:2013,
	Author = {David C. Atkins and Scott A. Baldwin and Cheng Zheng and Robert J. Gallop and Clayton Neighbors},
	Date-Added = {2017-11-21 14:13:16 +0000},
	Date-Modified = {2017-11-21 14:15:37 +0000},
	Doi = {10.1037/a00296508},
	Journal = {Psychology of Addictive Behaviors},
	Number = {1},
	Pages = {166--177},
	Title = {A tutorial on count regression and zero-altered count models for longitudinal substance use data},
	Volume = {27},
	Year = {2013}}

@misc{Kohli:2016,
	Author = {Nidhi Kohli},
	Date-Added = {2017-11-07 16:20:21 +0000},
	Date-Modified = {2017-11-07 16:21:10 +0000},
	Howpublished = {Class notes},
	Title = {Random coefficient models: Error structures},
	Year = {2016}}

@book{Fitzmaurice:2011,
	Address = {New York},
	Author = {Garrett M. Fitzmaurice and Nan M. Laird and James H. Ware},
	Date-Added = {2017-11-07 16:04:47 +0000},
	Date-Modified = {2017-11-07 16:07:47 +0000},
	Edition = {2},
	Publisher = {Wiley},
	Title = {Applied Longitudinal Analysis},
	Year = {2011}}

@book{Pinheiro:2000,
	Address = {New York},
	Author = {Pinheiro, J. C. and Bates, D.M.},
	Date-Added = {2017-11-06 23:29:13 +0000},
	Date-Modified = {2017-11-06 23:30:06 +0000},
	Publisher = {Springer},
	Title = {Mixed-Effects Models in {S} and {S-PLUS}},
	Year = {2000}}

@book{Crowder:1990,
	Address = {London},
	Author = {Crowder, M. and Hand, D.},
	Date-Added = {2017-11-06 22:20:10 +0000},
	Date-Modified = {2017-11-06 22:20:54 +0000},
	Publisher = {Chapman and Hall},
	Title = {Analysis of Repeated Measures},
	Year = {1990}}

@article{Loy:2014,
	Author = {Adam Loy and Heike Hofmann},
	Date-Added = {2017-11-05 14:29:03 +0000},
	Date-Modified = {2017-11-05 14:33:48 +0000},
	Journal = {Journal of Statistical Software},
	Title = {{HLMdiag}: A Suite of Diagnostics for Hierarchical Linear Models in {R}},
	Url = {https://www.jstatsoft.org/article/view/v056i05},
	Volume = {56},
	Year = {2014},
	Bdsk-Url-1 = {https://www.jstatsoft.org/article/view/v056i05}}

@book{Singer:2003,
	Address = {New York},
	Author = {J. D. Singer and J. B. Willett},
	Date-Added = {2017-10-29 22:35:09 +0000},
	Date-Modified = {2017-10-29 22:36:30 +0000},
	Publisher = {Oxford University Press},
	Title = {Applied Longitudinal Data Analysis: Modeling Change and Event Occurrence},
	Year = {2003}}

@article{Jones-White:2014,
	Author = {Daniel R. Jones-White and Peter M. Radcliffe and Linda M. Lorenz and Krista M. Soria},
	Date-Added = {2017-04-14 21:05:25 +0000},
	Date-Modified = {2017-04-14 21:07:54 +0000},
	Journal = {Research in Higher Education},
	Number = {4},
	Pages = {329--350},
	Title = {Priced Out?: The Influence of Financial Aid on the Educational Trajectories of First-Year Students Starting College at a Large Research University},
	Volume = {55},
	Year = {2014}}

@book{Long:2012,
	Address = {Thousand Oaks, CA},
	Author = {Jeffrey D. Long},
	Date-Added = {2017-03-31 15:08:48 +0000},
	Date-Modified = {2017-03-31 15:11:24 +0000},
	Publisher = {Sage Publications, Inc.},
	Title = {Longitudinal Data Analysis for the Behavioral Sciences using {R}},
	Year = {2012}}

@article{Woltman:2012,
	Author = {Heather Woltman and Andrea Feldstein and J. Christine Mac{K}ay and Meredith Rocchi},
	Date-Added = {2017-03-15 21:21:00 +0000},
	Date-Modified = {2017-03-15 21:22:33 +0000},
	Journal = {Tutorials in Quantitative Methods for Psychology},
	Number = {1},
	Pages = {52--69},
	Title = {An Introduction to Hierarchical Linear Modeling},
	Volume = {8},
	Year = {2012}}

@article{Burnham:2011,
	Author = {K. P. Burnham and D. R. Anderson and K. P. Huyvaert},
	Date-Added = {2017-02-18 16:11:34 +0000},
	Date-Modified = {2017-02-18 16:14:30 +0000},
	Journal = {Behavioral Ecology and Sociobiology},
	Number = {1},
	Pages = {23--35},
	Title = {{AIC} Model Selection and Multimodel Inference in Behavioral Ecology: Some Background, Observations, and Comparisons},
	Volume = {65},
	Year = {2011}}

@article{Hurvich:1989,
	Author = {Hurvich, C.M. and Tsai, C.-L.},
	Date-Added = {2017-02-13 23:06:56 +0000},
	Date-Modified = {2017-02-13 23:07:46 +0000},
	Journal = {Biometrika},
	Pages = {297--307},
	Title = {Regression and Time Series Model Selection in Small Samples,},
	Volume = {76},
	Year = {1989}}

@article{Benjamini:1995,
	Author = {Benjamini, Yoav and Hochberg, Yosef},
	Date-Added = {2016-10-30 16:51:29 +0000},
	Date-Modified = {2016-10-30 16:52:51 +0000},
	Journal = {Journal of the Royal Statistical Society, Series B},
	Number = {1},
	Pages = {289---300},
	Title = {Controlling the false discovery rate: a practical and powerful approach to multiple testing},
	Volume = {57},
	Year = {1995}}

@article{Williams:1999,
	Author = {Williams, V.S.L. and Jones, L.V. and Tukey, J.W.},
	Date-Added = {2016-10-30 15:31:58 +0000},
	Date-Modified = {2016-10-30 15:32:55 +0000},
	Journal = {Journal of Educational and Behavioral Statistics},
	Number = {1},
	Pages = {42--69},
	Title = {Controlling Error in Multiple Comparisons, With Examples From State-to-State Differences in Educational Achievement},
	Volume = {24},
	Year = {1999}}

@book{Lewis-Beck:2016,
	Address = {Thousand Oaks, CA},
	Author = {Colin Lewis-Beck and Michael Lewis-Beck},
	Date-Added = {2016-07-26 14:52:57 +0000},
	Date-Modified = {2017-01-10 16:52:04 +0000},
	Edition = {2},
	Publisher = {Sage},
	Series = {Quantitative Applications in the Social Sciences},
	Title = {Applied Regression: An Introduction},
	Year = {2016}}

@book{Gelman:2007,
	Address = {New York},
	Author = {Andrew Gelman and Jennifer Hill},
	Date-Added = {2016-05-04 13:03:55 +0000},
	Date-Modified = {2016-05-04 13:06:21 +0000},
	Publisher = {Cambridge University Press},
	Title = {Data Analysis Using Regression and Multilevel/Hierarchical Models},
	Year = {2007}}
